<?xml version="1.0" encoding="UTF-8"?><collection xmlns="http://www.loc.gov/MARC21/slim"><record><leader>00561nam--2200193-i-4500</leader><controlfield tag="001">000041073</controlfield><controlfield tag="002">20161230</controlfield><controlfield tag="005">20161230201043</controlfield><controlfield tag="008">060222s1000------------r-----000-0-eng-d</controlfield><datafield ind1=" " ind2=" " tag="040"><subfield code="a">IFIN-HH</subfield></datafield><datafield ind1=" " ind2=" " tag="080"><subfield code="a">53</subfield></datafield><datafield ind1="1" ind2=" " tag="100"><subfield code="a">Weidner, Richard</subfield></datafield><datafield ind1="1" ind2="0" tag="245"><subfield code="a">Elementary classical physics. vol. ii. (electromagnetism and wave motion)</subfield><subfield code="c">Richard weidner, robert l. sells</subfield></datafield><datafield ind1=" " ind2=" " tag="250"><subfield code="a">Fourth Printing</subfield></datafield><datafield ind1=" " ind2=" " tag="260"><subfield code="a">Boston</subfield><subfield code="b">Allyn And Bacon, Inc</subfield><subfield code="c">1967</subfield></datafield><datafield ind1=" " ind2=" " tag="300"><subfield code="a">XIV+/615/-1242 P</subfield></datafield><datafield ind1="1" ind2=" " tag="700"><subfield code="a">Sells, Robert L</subfield></datafield><datafield ind1=" " ind2=" " tag="852"><subfield code="a">28317</subfield><subfield code="c">53</subfield></datafield><datafield ind1=" " ind2=" " tag="CAT"><subfield code="a">Sys</subfield><subfield code="c">20150219</subfield><subfield code="h">135302</subfield></datafield></record></collection>